<?xml version="1.0" encoding="UTF-8"?><collection xmlns="http://www.loc.gov/MARC21/slim"><record><leader>00378nam--2200121-i-4500</leader><controlfield tag="001">000002195</controlfield><controlfield tag="002">20161230</controlfield><controlfield tag="005">20161230201024</controlfield><controlfield tag="008">060222s1000------------r-----000-0-eng-d</controlfield><datafield ind1=" " ind2=" " tag="100"><subfield code="a">Fick, Eugen</subfield></datafield><datafield ind1=" " ind2=" " tag="245"><subfield code="a">Sauermann, gunter</subfield></datafield><datafield ind1=" " ind2=" " tag="260"><subfield code="a">Quantenstatistik Dynamischer Prozesse. Generelle Aspekte</subfield></datafield><datafield ind1=" " ind2=" " tag="490"><subfield code="a">Leipzig, Akademische Verlagsgesellschaft, 1983. 119 P. Mit 26 Figuren Im Text</subfield></datafield></record></collection>